@book{sutton2007fuzzing,
  title={Fuzzing: brute force vulnerability discovery},
  author={Sutton, Michael and Greene, Adam and Amini, Pedram},
  year={2007},
  publisher={Pearson Education}
}

@inproceedings{song2019periscope,
  title={PeriScope: An Effective Probing and Fuzzing Framework for the Hardware-OS Boundary.},
  author={Song, Dokyung and Hetzelt, Felicitas and Das, Dipanjan and Spensky, Chad and Na, Yeoul and Volckaert, Stijn and Vigna, Giovanni and Kruegel, Christopher and Seifert, Jean-Pierre and Franz, Michael},
  booktitle={NDSS},
  year={2019}
}

@misc{afl_git,
  title        = {american fuzzy lop - a security-oriented fuzzer},
  howpublished = "\url{https://github.com/google/AFL}",
  year         = {2021}
}

@misc{hongg,
  title        = {A security oriented, feedback-driven, evolutionary, easy-to-use fuzzer},
  howpublished = "\url{https://github.com/google/honggfuzz}",
  year         = {2021}
}

@misc{wafl_git,
  title        = {Waffle Project},
  howpublished = "\url{https://github.com/behnamarbab/memlock-waffle/tree/waffle}",
  year         = {2021}
}

@misc{iso27008,
  title        = {ISO 27005, Information technology — Security techniques — Information security risk management (third edition)},
  howpublished = "\url{https://www.iso27001security.com/html/27005.html}",
  year         = {2018}
}

@misc{afl_qemu,
  title        = {High-performance binary-only instrumentation for afl-fuzz},
  howpublished = "\url{https://github.com/mirrorer/afl/blob/master/qemu_mode/README.qemu}",
  year         = {2020}
}

@misc{afl_history,
  author       = {Zalewski, Michal},
  title        = {AFL historical notes},
  howpublished = "\url{https://lcamtuf.coredump.cx/afl/historical_notes.txt}",
  year         = {2020}
}

@misc{afl_strategies,
  author       = {Zalewski, Michal},
  title        = {Binary fuzzing strategies: what works, what doesn't},
  howpublished = "\url{https://lcamtuf.blogspot.com/2014/08/binary-fuzzing-strategies-what-works.html}",
  year         = {2014}
}

@misc{llvm,
  author       = {LLVM},
  title        = {LLVM Project},
  howpublished = "\url{http://llvm.org/}",
  year         = {2020},
  note         = {[Online]; accessed in 2020},
}

@misc{inst_visitor,
  title        = {Base class for instruction visitors},
  howpublished = "\url{https://llvm.org/doxygen/InstVisitor_8h_source.html}",
  year         = {2021}
}

@misc{nosanitize,
  title        = {add nosanitize metadata to more coverage instrumentation instructions},
  howpublished = "\url{https://lists.llvm.org/pipermail/llvm-commits/Week-of-Mon-20150302/263798.html}",
  year         = {2015}
}

@misc{clang,
  title        = {Clang: a C language family frontend for LLVM},
  howpublished = "\url{https://clang.llvm.org/}",
  year         = {2020},
  note         = {[Online]; accessed in 2021},
}

@misc{clang-fast,
  title        = {source of afl-clang-fast.c},
  howpublished = "\url{https://github.com/google/AFL/blob/master/llvm_mode/afl-clang-fast.c}",
  year         = {2021}
}

@misc{afl-llvm,
  title        = {Fast LLVM-based instrumentation for afl-fuzz},
  howpublished = "\url{https://github.com/google/AFL/blob/master/llvm_mode/README.llvm}",
  year         = {2019}
}

@misc{asan_note,
  title        = {Using ASAN with AFL},
  howpublished = "\url{https://afl-1.readthedocs.io/en/latest/notes_for_asan.html}",
  year         = {2019}
}

@misc{sample_code_ref,
  title        = {Finding memory bugs with AddressSanitizer},
  howpublished = "\url{https://embeddedbits.org/finding-memory-bugs-with-addresssanitizer/}",
  year         = {2020}
}

@misc{address_san,
  title        = {Google/AddressSanitizer},
  howpublished = "\url{https://github.com/google/sanitizers/wiki/AddressSanitizer}",
  year         = {2019}
}

@inproceedings{serebryany2012addresssanitizer,
  title={AddressSanitizer: A fast address sanity checker},
  author={Serebryany, Konstantin and Bruening, Derek and Potapenko, Alexander and Vyukov, Dmitriy},
  booktitle={2012 $\{$USENIX$\}$ Annual Technical Conference ($\{$USENIX$\}$$\{$ATC$\}$ 12)},
  pages={309--318},
  year={2012}
}

@misc{omni_sci,
  author       = {OmniSci},
  title        = {What is LLVM},
  howpublished = "\url{https://www.omnisci.com/technical-glossary/llvm}",
  year         = {2020},
  note         = {[Online]; accessed in 2020},
}

@inproceedings{lattner2004llvm,
  title={LLVM: A compilation framework for lifelong program analysis \& transformation},
  author={Lattner, Chris and Adve, Vikram},
  booktitle={International Symposium on Code Generation and Optimization, 2004. CGO 2004.},
  pages={75--86},
  year={2004},
  organization={IEEE}
}

@misc{exploitable,
  author       = {Foote, Jonathan},
  title        = {GDB exploitable plugin},
  howpublished = "\url{https://github.com/jfoote/exploitable}",
  year         = {2018}
}

@misc{owasp,
  title = {{The Open Web Application Security Project}},
  howpublished = "\url{https://www.owasp.org}",
  year = {2019}
}

@misc{gnu_time,
  title = {{GNU Time}},
  howpublished = "\url{http://man7.org/linux/man-pages/man1/time.1.html}",
  year = {2019}
}

@misc{fuzz_benchmark,
  title = {{The collection of programs for evaluating fuzzing techniques}},
  howpublished = "\url{https://github.com/plum-umd/fuzzing-benchmarks}",
  year = {2018}
}

@misc{fuzzer_test_suite,
  title = {{Tool for executing A/B tests between different fuzzing configurations}},
  howpublished = "\url{https://github.com/google/fuzzer-test-suite/}",
  year = {2018}
}

@misc{out_of_thin_air,
  author       = {Zalewski, Michal},
  title        = {Pulling JPEGs out of thin air},
  howpublished = "\url{https://lcamtuf.blogspot.com/2014/11/pulling-jpegs-out-of-thin-air.html}",
  year         = {2014}
}

@misc{gnu_proc,
  title = {{GNU Proc}},
  howpublished = "\url{http://man7.org/linux/man-pages/man5/proc.5.html}",
  year = {2019}
}

@misc{zalewski2014american,
  title={American Fuzzy Lop.(2014)},
  author={Zalewski, Michal},
  howpublished = "\url{http://lcamtuf. coredump. cx/afl}",
  year = {2019}
}

@misc{about_afl,
  title        = {More about AFL},
  howpublished = "\url{https://afl-1.readthedocs.io/en/latest/about_afl.html}",
  year         = {2019}
}

@misc{fuzzgoat,
  title        = {Fuzzgoat: Vulnerable C program},
  howpublished = "\url{https://github.com/fuzzstati0n/fuzzgoat.git}",
  year         = {2017}
}

@misc{afl_userguide,
  title        = {AFL User Guide},
  howpublished = "\url{https://afl-1.readthedocs.io/en/latest/user_guide.html}",
  year         = {2019}
}

@misc{afl_par,
  title        = {Tips for parallel fuzzing},
  howpublished = "\url{https://github.com/mirrorer/afl/blob/master/docs/parallel_fuzzing.txt}",
  year         = {2016}
}

@misc{zalewski_status_screen,
  title={American Fuzzy Lop - status screen},
  author={Zalewski, Michal},
  howpublished = "\url{http://lcamtuf.coredump.cx/afl/status_screen.txt}",
  year = {2019}
}

@misc{afl_cve,
  title={AFL-CVE},
  howpublished = "\url{https://github.com/mrash/afl-cve}",
  year = {2019}
}

@misc{dos,
  title={Denial of Service Software Attack - OWASP Foundation},
  howpublished = "\url{https://owasp.org/www-community/attacks/Denial_of_Service}",
  year = {2021}
}

@misc{error0612,
  title={Local experiment issue - ERRO[0612]},
  howpublished = "\url{https://github.com/google/fuzzbench/issues/946}",
  year = {2021}
}

@misc{request_exp,
  title={Requesting an experiment},
  howpublished = "\url{https://google.github.io/fuzzbench/getting-started/adding-a-new-fuzzer/#requesting-an-experiment}",
  year = {2021}
}

@misc{afl_driver,
  title={AFL driver for controlling the fuzzing procedure},
  howpublished = "\url{https://raw.githubusercontent.com/llvm/llvm-project/5feb80e748924606531ba28c97fe65145c65372e/compiler-rt/lib/fuzzer/afl/afl_driver.cpp}",
  year = {2018}
}

@misc{fuzzbench_benchmarks,
  title={Default benchmarking projects used in Fuzzbench},
  howpublished = "\url{https://github.com/google/fuzzbench/tree/master/benchmarks}",
  year = {2021}
}

@misc{request_gcp,
  title={Setting up GCP},
  howpublished = "\url{https://google.github.io/fuzzbench/running-a-cloud-experiment/setting-up-a-google-cloud-project}",
  year = {2021}
}

@inproceedings{metzman2021fuzzbench,
  title={FuzzBench: an open fuzzer benchmarking platform and service},
  author={Metzman, Jonathan and Szekeres, L{\'a}szl{\'o} and Simon, Laurent and Sprabery, Read and Arya, Abhishek},
  booktitle={Proceedings of the 29th ACM Joint Meeting on European Software Engineering Conference and Symposium on the Foundations of Software Engineering},
  pages={1393--1403},
  year={2021}
}

@misc{pin,
  title={Pin - A Dynamic Binary Instrumentation Tool
},
  howpublished = "\url{https://software.intel.com/content/www/us/en/develop/articles/pin-a-dynamic-binary-instrumentation-tool.html}",
  year = {2021}
}

@misc{frida,
  title={Dynamic instrumentation toolkit for developers, reverse-engineers, and security researchers.},
  howpublished = "\url{https://frida.re/}",
  year = {2021}
}

@misc{dynamorio,
  title={DynamoRIO},
  howpublished = "\url{https://dynamorio.org/}",
  year = {2021}
}

@article{metzman2020fuzzbench,
  title={FuzzBench: Fuzzer benchmarking as a service},
  author={Metzman, L{\'a}szl{\'o} Szekeres Jonathan and Arya, Abhishek and Szekeres, L},
  journal={Google Security Blog},
  year={2020}
}

@inproceedings{lemieux2018fairfuzz,
  title={Fairfuzz: A targeted mutation strategy for increasing greybox fuzz testing coverage},
  author={Lemieux, Caroline and Sen, Koushik},
  booktitle={Proceedings of the 33rd ACM/IEEE International Conference on Automated Software Engineering},
  pages={475--485},
  year={2018}
}

@article{serebryany2015libfuzzer,
  title={libFuzzer a library for coverage-guided fuzz testing},
  author={Serebryany, K},
  journal={LLVM project},
  year={2015}
}

@article{bohme2017coverage,
  title={Coverage-based greybox fuzzing as markov chain},
  author={B{\"o}hme, Marcel and Pham, Van-Thuan and Roychoudhury, Abhik},
  journal={IEEE Transactions on Software Engineering},
  year={2017},
  publisher={IEEE}
}

@inproceedings{bohme2017directed,
  title={Directed greybox fuzzing},
  author={B{\"o}hme, Marcel and Pham, Van-Thuan and Nguyen, Manh-Dung and Roychoudhury, Abhik},
  booktitle={Proceedings of the 2017 ACM SIGSAC Conference on Computer and Communications Security},
  pages={2329--2344},
  year={2017},
  organization={ACM}
}

@article{yang2009survey,
  title={A survey of coverage-based testing tools},
  author={Yang, Qian and Li, J Jenny and Weiss, David M},
  journal={The Computer Journal},
  volume={52},
  number={5},
  pages={589--597},
  year={2009},
  publisher={OUP}
}

@article{miller1990empirical,
  title={An empirical study of the reliability of UNIX utilities},
  author={Miller, Barton P and Fredriksen, Louis and So, Bryan},
  journal={Communications of the ACM},
  volume={33},
  number={12},
  pages={32--44},
  year={1990},
  publisher={ACM}
}

@inproceedings{lemieux2018perffuzz,
  title={Perffuzz: Automatically generating pathological inputs},
  author={Lemieux, Caroline and Padhye, Rohan and Sen, Koushik and Song, Dawn},
  booktitle={Proceedings of the 27th ACM SIGSOFT International Symposium on Software Testing and Analysis},
  pages={254--265},
  year={2018},
  organization={ACM}
}

@inproceedings{petsios2017slowfuzz,
  title={Slowfuzz: Automated domain-independent detection of algorithmic complexity vulnerabilities},
  author={Petsios, Theofilos and Zhao, Jason and Keromytis, Angelos D and Jana, Suman},
  booktitle={Proceedings of the 2017 ACM SIGSAC Conference on Computer and Communications Security},
  pages={2155--2168},
  year={2017},
  organization={ACM}
}

@inproceedings{rawat2017vuzzer,
  title={VUzzer: Application-aware Evolutionary Fuzzing.},
  author={Rawat, Sanjay and Jain, Vivek and Kumar, Ashish and Cojocar, Lucian and Giuffrida, Cristiano and Bos, Herbert},
  booktitle={NDSS},
  volume={17},
  pages={1--14},
  year={2017}
}

@inproceedings{stephens2016driller,
  title={Driller: Augmenting Fuzzing Through Selective Symbolic Execution.},
  author={Stephens, Nick and Grosen, John and Salls, Christopher and Dutcher, Andrew and Wang, Ruoyu and Corbetta, Jacopo and Shoshitaishvili, Yan and Kruegel, Christopher and Vigna, Giovanni},
  booktitle={NDSS},
  volume={16},
  number={2016},
  pages={1--16},
  year={2016}
}

@inproceedings{godefroid2017learn,
  title={Learn\&fuzz: Machine learning for input fuzzing},
  author={Godefroid, Patrice and Peleg, Hila and Singh, Rishabh},
  booktitle={Proceedings of the 32nd IEEE/ACM International Conference on Automated Software Engineering},
  pages={50--59},
  year={2017},
  organization={IEEE Press}
}

@article{she2018neuzz,
  title={Neuzz: Efficient fuzzing with neural program learning},
  author={She, Dongdong and Pei, Kexin and Epstein, Dave and Yang, Junfeng and Ray, Baishakhi and Jana, Suman},
  journal={arXiv preprint arXiv:1807.05620},
  year={2018}
}

@inproceedings{peng2018t,
  title={T-Fuzz: fuzzing by program transformation},
  author={Peng, Hui and Shoshitaishvili, Yan and Payer, Mathias},
  booktitle={2018 IEEE Symposium on Security and Privacy (SP)},
  pages={697--710},
  year={2018},
  organization={IEEE}
}

@inproceedings{dolan2016lava,
  title={Lava: Large-scale automated vulnerability addition},
  author={Dolan-Gavitt, Brendan and Hulin, Patrick and Kirda, Engin and Leek, Tim and Mambretti, Andrea and Robertson, Wil and Ulrich, Frederick and Whelan, Ryan},
  booktitle={2016 IEEE Symposium on Security and Privacy (SP)},
  pages={110--121},
  year={2016},
  organization={IEEE}
}

@inproceedings{klees2018evaluating,
  title={Evaluating fuzz testing},
  author={Klees, George and Ruef, Andrew and Cooper, Benji and Wei, Shiyi and Hicks, Michael},
  booktitle={Proceedings of the 2018 ACM SIGSAC Conference on Computer and Communications Security},
  pages={2123--2138},
  year={2018},
  organization={ACM}
}

@inproceedings{gascon2015pulsar,
  title={Pulsar: Stateful black-box fuzzing of proprietary network protocols},
  author={Gascon, Hugo and Wressnegger, Christian and Yamaguchi, Fabian and Arp, Daniel and Rieck, Konrad},
  booktitle={International Conference on Security and Privacy in Communication Systems},
  pages={330--347},
  year={2015},
  organization={Springer}
}

@inproceedings{banks2006snooze,
  title={SNOOZE: toward a Stateful NetwOrk prOtocol fuzZEr},
  author={Banks, Greg and Cova, Marco and Felmetsger, Viktoria and Almeroth, Kevin and Kemmerer, Richard and Vigna, Giovanni},
  booktitle={International Conference on Information Security},
  pages={343--358},
  year={2006},
  organization={Springer}
}

@article{xie2018coverage,
  title={Coverage-guided fuzzing for deep neural networks},
  author={Xie, Xiaofei and Ma, Lei and Juefei-Xu, Felix and Chen, Hongxu and Xue, Minhui and Li, Bo and Liu, Yang and Zhao, Jianjun and Yin, Jianxiong and See, Simon},
  journal={arXiv preprint arXiv:1809.01266},
  year={2018}
}

@article{odena2018tensorfuzz,
  title={Tensorfuzz: Debugging neural networks with coverage-guided fuzzing},
  author={Odena, Augustus and Goodfellow, Ian},
  journal={arXiv preprint arXiv:1807.10875},
  year={2018}
}

@inproceedings{doupe2012enemy,
  title={Enemy of the state: A state-aware black-box web vulnerability scanner},
  author={Doup{\'e}, Adam and Cavedon, Ludovico and Kruegel, Christopher and Vigna, Giovanni},
  booktitle={Presented as part of the 21st $\{$USENIX$\}$ Security Symposium ($\{$USENIX$\}$ Security 12)},
  pages={523--538},
  year={2012}
}

@inproceedings{duchene2012xss,
  title={XSS vulnerability detection using model inference assisted evolutionary fuzzing},
  author={Duchene, Fabien and Groz, Roland and Rawat, Sanjay and Richier, Jean-Luc},
  booktitle={2012 IEEE Fifth International Conference on Software Testing, Verification and Validation},
  pages={815--817},
  year={2012},
  organization={IEEE}
}

@incollection{standaert2010introduction,
  title={Introduction to side-channel attacks},
  author={Standaert, Fran{\c{c}}ois-Xavier},
  booktitle={Secure Integrated Circuits and Systems},
  pages={27--42},
  year={2010},
  publisher={Springer}
}

@article{godefroid2012sage,
  title={SAGE: whitebox fuzzing for security testing},
  author={Godefroid, Patrice and Levin, Michael Y and Molnar, David},
  journal={Communications of the ACM},
  volume={55},
  number={3},
  pages={40--44},
  year={2012},
  publisher={Citeseer}
}

@inproceedings{cadar2011symbolic,
  title={Symbolic execution for software testing in practice: preliminary assessment},
  author={Cadar, Cristian and Godefroid, Patrice and Khurshid, Sarfraz and Pasareanu, Corina S and Sen, Koushik and Tillmann, Nikolai and Visser, Willem},
  booktitle={2011 33rd International Conference on Software Engineering (ICSE)},
  pages={1066--1071},
  year={2011},
  organization={IEEE}
}

@inproceedings{ganesh2009taint,
  title={Taint-based directed whitebox fuzzing},
  author={Ganesh, Vijay and Leek, Tim and Rinard, Martin},
  booktitle={Proceedings of the 31st International Conference on Software Engineering},
  pages={474--484},
  year={2009},
  organization={IEEE Computer Society}
}

@inproceedings{godefroid2008grammar,
  title={Grammar-based whitebox fuzzing},
  author={Godefroid, Patrice and Kiezun, Adam and Levin, Michael Y},
  booktitle={ACM Sigplan Notices},
  volume={43},
  number={6},
  pages={206--215},
  year={2008},
  organization={ACM}
}

@article{huang1978program,
  title={Program instrumentation and software testing},
  author={Huang, JC},
  journal={Computer},
  volume={11},
  number={4},
  pages={25--32},
  year={1978},
  publisher={IEEE}
}

@article{liang2018fuzzing,
  title={Fuzzing: State of the art},
  author={Liang, Hongliang and Pei, Xiaoxiao and Jia, Xiaodong and Shen, Wuwei and Zhang, Jian},
  journal={IEEE Transactions on Reliability},
  volume={67},
  number={3},
  pages={1199--1218},
  year={2018},
  publisher={IEEE}
}

@inproceedings{wen2020memlock,
  title={Memlock: Memory usage guided fuzzing},
  author={Wen, Cheng and Wang, Haijun and Li, Yuekang and Qin, Shengchao and Liu, Yang and Xu, Zhiwu and Chen, Hongxu and Xie, Xiaofei and Pu, Geguang and Liu, Ting},
  booktitle={Proceedings of the ACM/IEEE 42nd International Conference on Software Engineering},
  pages={765--777},
  year={2020}
}

@article{manzoor2008common,
  title={Common mistakes in online and real-time contests},
  author={Manzoor, Shahriar},
  journal={XRDS: Crossroads, The ACM Magazine for Students},
  volume={14},
  number={4},
  pages={10--16},
  year={2008},
  publisher={ACM New York, NY, USA}
}

@article{wasik2018survey,
  title={A survey on online judge systems and their applications},
  author={Wasik, Szymon and Antczak, Maciej and Badura, Jan and Laskowski, Artur and Sternal, Tomasz},
  journal={ACM Computing Surveys (CSUR)},
  volume={51},
  number={1},
  pages={1--34},
  year={2018},
  publisher={ACM New York, NY, USA}
}

@article{hoare1962quicksort,
  title={Quicksort},
  author={Hoare, Charles AR},
  journal={The Computer Journal},
  volume={5},
  number={1},
  pages={10--16},
  year={1962},
  publisher={Oxford University Press}
}

@article{whitley1994genetic,
  title={A genetic algorithm tutorial},
  author={Whitley, Darrell},
  journal={Statistics and computing},
  volume={4},
  number={2},
  pages={65--85},
  year={1994},
  publisher={Springer}
}

@book{banzhaf1998genetic,
  title={Genetic programming: an introduction},
  author={Banzhaf, Wolfgang and Nordin, Peter and Keller, Robert E and Francone, Frank D},
  volume={1},
  year={1998},
  publisher={Morgan Kaufmann Publishers San Francisco}
}

@inproceedings{bellard2005qemu,
  title={QEMU, a fast and portable dynamic translator.},
  author={Bellard, Fabrice},
  booktitle={USENIX annual technical conference, FREENIX Track},
  volume={41},
  pages={46},
  year={2005},
  organization={California, USA}
}

@inproceedings{newsome2005dynamic,
  title={Dynamic Taint Analysis for Automatic Detection, Analysis, and SignatureGeneration of Exploits on Commodity Software.},
  author={Newsome, James and Song, Dawn Xiaodong},
  booktitle={NDSS},
  volume={5},
  pages={3--4},
  year={2005},
  organization={Citeseer}
}

@article{king1976symbolic,
  title={Symbolic execution and program testing},
  author={King, James C},
  journal={Communications of the ACM},
  volume={19},
  number={7},
  pages={385--394},
  year={1976},
  publisher={ACM New York, NY, USA}
}

@article{allen1970control,
  title={Control flow analysis},
  author={Allen, Frances E},
  journal={ACM Sigplan Notices},
  volume={5},
  number={7},
  pages={1--19},
  year={1970},
  publisher={ACM New York, NY, USA}
}

@article{su2016vuldetection,
  title={An Overview of Software Vulnerability Detection},
  author={Su, Yunfei and Li, Mengjun and Tang, Chaojing and Shen, Rongjun},
  journal={International Journal of Computer Science And Technology},
  volume={7},
  number={3},
  pages={72--76},
  year={2016},
  publisher={IJCST}
}

@inproceedings{woo2013scheduling,
  title={Scheduling black-box mutational fuzzing},
  author={Woo, Maverick and Cha, Sang Kil and Gottlieb, Samantha and Brumley, David},
  booktitle={Proceedings of the 2013 ACM SIGSAC conference on Computer \& communications security},
  pages={511--522},
  year={2013}
}

@inproceedings{chen2018iotfuzzer,
  title={IoTFuzzer: Discovering Memory Corruptions in IoT Through App-based Fuzzing.},
  author={Chen, Jiongyi and Diao, Wenrui and Zhao, Qingchuan and Zuo, Chaoshun and Lin, Zhiqiang and Wang, XiaoFeng and Lau, Wing Cheong and Sun, Menghan and Yang, Ronghai and Zhang, Kehuan},
  booktitle={NDSS},
  year={2018}
}

@inproceedings{mansur2020detecting,
  title={Detecting critical bugs in SMT solvers using blackbox mutational fuzzing},
  author={Mansur, Muhammad Numair and Christakis, Maria and W{\"u}stholz, Valentin and Zhang, Fuyuan},
  booktitle={Proceedings of the 28th ACM Joint Meeting on European Software Engineering Conference and Symposium on the Foundations of Software Engineering},
  pages={701--712},
  year={2020}
}

@inproceedings{godefroid2008automated,
  title={Automated whitebox fuzz testing.},
  author={Godefroid, Patrice and Levin, Michael Y and Molnar, David A and others},
  booktitle={NDSS},
  volume={8},
  pages={151--166},
  year={2008}
}

@article{choi2015dynamic,
  title={Dynamic binary analyzer for scanning vulnerabilities with taint analysis},
  author={Choi, Young-Hyun and Park, Min-Woo and Eom, Jung-Ho and Chung, Tai-Myoung},
  journal={Multimedia Tools and Applications},
  volume={74},
  number={7},
  pages={2301--2320},
  year={2015},
  publisher={Springer}
}

@inproceedings{chang2011trend,
  title={Trend analysis of the cve for software vulnerability management},
  author={Chang, Yung-Yu and Zavarsky, Pavol and Ruhl, Ron and Lindskog, Dale},
  booktitle={2011 IEEE Third International Conference on Privacy, Security, Risk and Trust and 2011 IEEE Third International Conference on Social Computing},
  pages={1290--1293},
  year={2011},
  organization={IEEE}
}

@inproceedings{li2017steelix,
  title={Steelix: program-state based binary fuzzing},
  author={Li, Yuekang and Chen, Bihuan and Chandramohan, Mahinthan and Lin, Shang-Wei and Liu, Yang and Tiu, Alwen},
  booktitle={Proceedings of the 2017 11th Joint Meeting on Foundations of Software Engineering},
  pages={627--637},
  year={2017}
}